=======================
__________BOOK_________
=======================

@book{pustejovsky1996lexical,
    title           = {Lexical Semantics: The Problem of Polysemy},
    author          = {Pustejovsky, A.P.C.S.J. and Pustejovsky, B. and Pustejovsky, J. and Boguraev, B.},
    series          = {Clarendon paperbacks},
    publisher       = {Clarendon Press},
    year={1996}}

@Inbook{Russel1997,
    Title           = {Reading emotions from and into faces: Resurrecting a dimensional-contextual perspective},
    Author          = {J. Russel},
    Pages           = {295--360},
    Publisher       = {Cambridge University Press, U.K.},
    Year            = {1997},
    Booktitle       = {The psychology of facial expression},}

@Inbook{Ekman1999,
    Title           = {Basic Emotions},
    Author          = {P. Ekman},
    Pages           = {301--320},
    Publisher       = {Wiley, New-York},
    Year            = {1999},
    Booktitle       = {Handbook of Cognition and Emotion},}

@book{goodfellow2016deep,
    title           = {Deep learning},
    author          = {Goodfellow, I. and Bengio, Y. and Courville, A.},
    publisher       = {MIT press},
    year            = {2016}}

==========================
__________ARTICLE_________
==========================

@article{CCC,
    title           = {A Concordance Correlation Coefficient to Evaluate Reproducibility},
    author          = {L.I-Kuei Lin},
    journal         = {Biometrics},
    volume          = {45},
    number          = {1},
    pages           = {255--268},
    year            = {1989}}

@article{Scherer2005,
    title           = {What are emotions? And how can they be measured?},
    author          = {Scherer, K. R.},
    journal         = {Social science information},
    volume          = {44},
    number          = {4},
    pages           = {695--729},
    year            = {2005}}

@article{Ringeval2013IntroducingTR,
    title           = {Introducing the {RECOLA} multimodal corpus of remote collaborative and affective interactions},
    author          = {F. Ringeval and An. Sonderegger and J. S. Sauer and D. Lalanne},
    journal         = {10th IEEE International Conference and Workshops on Automatic Face and Gesture Recognition (FG)},
    volume          = {},
    number          = {},
    pages           = {1-8},
    year            = {2013}}

@article{EGMAPS,
    title           = {The {Geneva} Minimalistic Acoustic Parameter Set {(GeMAPS)} for Voice Research and Affective Computing},
    author          = {F. Eyben and K. Scherer and B. Schuller and J. Sundberg and E. Andr{\'e} and others},
    journal         = {IEEE transactions on affective computing},
    volume          = {7},
    number          = {2},
    pages           = {190--202},
    year            = {2016}}

@article{Nanni2017HandcraftedVN,
    title           = {Handcrafted vs. non-handcrafted features for computer vision classification},
    author          = {L. Nanni and S. Ghidoni and S. Brahnam},
    journal         = {Pattern Recognition},
    volume          = {71},
    pages           = {158-172},
    year            = {2017},
    }

@article{young2018review,
    title           = {Recent Trends in Deep Learning Based Natural Language Processing [Review Article]},
    author          = {T. Young and D. Hazarika and S. Poria and E. Cambria},
    journal         = {IEEE Computational Intelligence Magazine},
    volume          = {13},
    number          = {3},
    pages           = {55-75},
    year            = {2018}}

@article{Jing2018ProminenceFE,
    title           = {Prominence features: Effective emotional features for speech emotion recognition},
    author          = {S. Jing and X. Mao and L. Chen},
    journal         = {Digital Signal Processing},
    volume          = {72},
    pages           = {216-231},
    year            = {2018}}

@article{SEWA,
    title           = {{SEWA DB}: A Rich Database for Audio-Visual Emotion and Sentiment Research in the Wild},
    author          = {J. Kossaifi and R. Walecki and Y. Panagakis and J. Shen and M. Schmitt and others},
    journal         = {IEEE transactions on pattern analysis and machine intelligence},
    volume          = {},
    number          = {},
    pages           = {1-1},
    year            = {2019}}


=======================
__________PROC_________
=======================
INTERSPEECH = Proc. of the Annual Conference of the International Speech Communication Association (INTERSPEECH)
ICASSP = Proc. of IEEE International Conference on Acoustics, Speech and Signal Processing (ICASSP)
ACL = Proc. of the Annual Meeting of the Association for Computational Linguistics (ACL)
NAACL = Proc. of the North American Chapter of the Association for Computational Linguistics (NAACL)
NIPS = Advances in Neural Information Processing Systems (NIPS)
LREC = Proc. of Language Resources and Evaluation Conference (LREC)
SPECOM = Proc. of Conference on Speech and Computer (SPECOM)
AVEC = Proc. of the Audio/Visual Emotion Challenge and Workshop


______INTERSPEECH______

@inproceedings{Devillers2006ReallifeED,
    title           = {Real-life emotions detection with lexical and paralinguistic cues on human-human call center dialogs},
    author          = {L. Devillers and L. Vidrascu},
    booktitle       = {Proc. of INTERSPEECH},
    pages           = {801--804},
    year            = {2006},
    address         = {Pittsburgh, Pennsylvanie, USA}}

@inproceedings{schuller2013interspeech,
    title           = {The {INTERSPEECH} 2013 computational paralinguistics challenge: Social signals, conflict, emotion, autism},
    author          = {Schuller, B. and Steidl, S. and Batliner, A. and Vinciarelli, A. and Scherer, K. and others},
    booktitle       = {Proc. of INTERSPEECH},
    pages           = {148--152},
    year            = {2013},
    address         = {Lyon, France}}

@inproceedings{basepaper,
    title           = {Continuous Emotion Recognition in Speech - Do We Need Recurrence?},
    author          = {M. Schmitt and N. Cummins and B. W. Schuller},
    booktitle       = {Proc. of INTERSPEECH},
    pages           = {2808--2812},
    year            = {2019},
    address         = {Graz, Austria}}

@inproceedings{Schneider2019wav2vecUP,
    title           = {wav2vec: Unsupervised Pre-Training for Speech Recognition},
    author          = {Schneider, S. and Baevski, A. and Collobert, R. and Auli, M.},
    booktitle       = {Proc. of INTERSPEECH},
    pages           = {3465--3469},
    year            = {2019},
    address         = {Graz, Austria}}

_________ICAASP________

@inproceedings{librispeech,
    title           = {Librispeech: An {ASR} corpus based on public domain audio books},
    author          = {V. Panayotov and G. Chen and D. Povey and S. Khudanpur},
    booktitle       = {Proc. of ICASSP},
    pages           = {5206--5210},
    year            = {2015},
    address         = {South Brisbane, Queensland, Australia}}

@inproceedings{Kahn2020Libri,
    title           = {Libri-Light: A Benchmark for {ASR} with Limited or No Supervision},
    author          = {J. Kahn and M. Rivi√®re and W. Zheng and E. Kharitonov and Q. Xu and others},
    booktitle       = {Proc. of ICASSP},
    pages           = {7669--7673},
    year            = {2020},
    address         = {Virtual Conference}}

@inproceedings{Liu2020Mockingjay,
    title           = {Mockingjay: Unsupervised Speech Representation Learning with Deep Bidirectional Transformer Encoders},
    author          = {A. T. Liu and S. Yang and P. Chi and P. Hsu and H. Lee},
    booktitle={Proc. of ICASSP},
    pages           = {6419-6423},
    year            = {2020},
    address         = {Virtual Conference}}

_________ACL___________

@inproceedings{dong-de-melo-2018-helping,
    title           = {A Helping Hand: Transfer Learning for Deep Sentiment Analysis},
    author          = {Dong, X.  and de Melo, G.},
    booktitle       = {Proc. of ACL},
    pages           = {2524--2534},
    year            = {2018},
    address         = {Melbourne, Australia}}

@inproceedings{Liu2019MultiTaskDN,
    title           = {Multi-Task Deep Neural Networks for Natural Language Understanding},
    author          = {Liu, X. and He, P. and Chen, W. and Gao, J.},
    booktitle       = {Proc. of ACL},
    pages           = {4487--4496},
    year            = {2019},
    address         = {Florence, Italy}}

@inproceedings{zhang2019ernie,
    title           = {{ERNIE}: Enhanced language representation with informative entities},
    author          = {Zhang, Z. and Han, X. and Liu, Z. and Jiang, X. and Sun, M. and others},
    booktitle       = {Proc. of ACL},
    pages           = {1441--1451},
    year            = {2019},
    address         = {Florence, Italy}}

@inproceedings{martin-etal-2020-camembert,
    title           = {{CamemBERT}: a Tasty {F}rench Language Model},
    author          = {Martin, L. and Muller, B. and Ortiz Su{\'a}rez, P. J. and Dupont, Y. and Romary, L. and others},
    booktitle       = {Proc. of ACL},
    pages           = {7203--7219},
    year            = {2020},
    address         = {Virtual Conference}}

-----

@inproceedings{devlin-etal-2019-bert,
    title           = {{BERT}: Pre-training of Deep Bidirectional Transformers for Language Understanding},
    author          = {Devlin, J. and Chang, M. and Lee, K. and Toutanova, K.},
    booktitle       = {Proc. of the North American Chapter of the Association for Computational Linguistics (NAACL)},
    pages           = {4171--4186},
    year            = {2019},
    address         = {Minneapolis, Minnesota, USA}}

__________NIPS_________

@inproceedings{word2vec,
    title           = {Distributed representations of words and phrases and their compositionality},
    author          = {Mikolov, T. and Sutskever, I. and Chen, K. and Corrado, G. S. and Dean, J.},
    booktitle       ={Advances in Neural Information Processing Systems (NIPS)},
    pages           = {3111--3119},
    year            = {2013},
    address         = {Stateline, Nevada, USA}}

@inproceedings{yang2019xlnet,
    title           = {{XLNet}: Generalized Autoregressive Pretraining for Language Understanding},
    author          = {Yang, Z. and Dai, Z. and Yang, Y. and Carbonell, J. and Salakhutdinov, R. R and others},
    booktitle       = {Advances in Neural Information Processing Systems (NIPS)},
    pages = {5753--5763},
    year = {2019},
    address = {Vancouver, Canada}}

@inproceedings{pytorch,
    title           = {{PyTorch}: An Imperative Style, High-Performance Deep Learning Library},
    author          = {Paszke, A. and Gross, S. and Massa, F. and Lerer, A. and Bradbury, J. and others},
    booktitle       = {Advances in Neural Information Processing Systems (NIPS)},
    pages = {8024--8035},
    year = {2019},
    address = {Vancouver, Canada}}

__________LREC_________

@inproceedings{LRECdeNous,
    title           = {{AlloSat}: A New Call Center French Corpus for Satisfaction and Frustration Analysis},
    author          = {Macary, M. and Tahon, M. and Est{\`e}ve, Y. and Rousseau, A.},
    booktitle       = {Proc. of Language Resources and Evaluation Conference (LREC)},
    pages           = {1590--1597},
    year            = {2020},
    address         = {Virtual Conference}}

@inproceedings{le2020flaubert,
    title           = {{FlauBERT}: Unsupervised Language Model Pre-training for {F}rench},
    author          = {Le, H. and Vial, L. and Frej, J. and Segonne, V. and Coavoux, M. and others},
    booktitle       = {Proc. of Language Resources and Evaluation Conference (LREC)},
    pages           = {2479--2490},
    year            = {2020},
    address         = {Virtual Conference}}

-----

@inproceedings{gensim,
    title           = {Software Framework for Topic Modelling with Large Corpora},
    author          = {R. {\v R}eh{\r u}{\v r}ek and P. Sojka},
    booktitle       = {{Proc. of the LREC Workshop on New Challenges for NLP Frameworks}},
    pages           = {45--50},
    year            = {2010},
    address         = {Valletta, Malta}}

________SPECOM_________

@inproceedings{Hernandez_2018,
    title           = {{TED-LIUM} 3: Twice as Much Data and Corpus Repartition for Experiments on Speaker Adaptation},
    author          = {Hernandez, F. and Nguyen, V. and Ghannay, S. and Tomashenko, N. and Est√®ve, Y.},
    booktitle       = {Proc. of Conference on Speech and Computer (SPECOM)},
    pages           = {198--208},
    year            = {2018},
    address         = {Leipzig, Germany}}

@inproceedings{macary2020,
    title           = {Multi-corpus experiment on continuous speech emotion recognition: convolution or recurrence?},
    author          = {M. Macary and M. Lebourdais and M. Tahon and Y. Est{\`e}ve and A. Rousseau},
    booktitle       = {Proc. of Conference on Speech and Computer (SPECOM)},
    pages           = {},
    year            = {2020},
    address         = {Virtual Conference}}

_________AVEC__________

@inproceedings{AVEC,
    title           = {{AVEC} 2018 Workshop and Challenge: Bipolar Disorder and Cross-Cultural Affect Recognition},
    author          = {Ringeval, F. and Schuller, B. and Valstar, M. and Cowie, R. and Kaya, H. and others},
    booktitle       = {Proc. of the Audio/Visual Emotion Challenge and Workshop},
    pages           = {3--13},
    year            = {2018},
    address         = {Beijing, China}}

@inproceedings{AVEC2019,
    title           = {{AVEC} 2019 Workshop and Challenge: State-of-Mind, Detecting Depression with {AI}, and Cross-Cultural Affect Recognition},
    author          = {Ringeval, F. and Schuller, B. and Valstar, M. and Cummins, N. and Cowie, R. and others},
    booktitle       = {Proc. of the Audio/Visual Emotion Challenge and Workshop},
    pages           = {3--12},
    year            = {2019},
    address         = {Nice, France}}

________OTHERS_________

@inproceedings{OPEN_SMILE,
    title           = {{openSMILE} -- The Munich Versatile and Fast Open-Source Audio Feature Extractor},
    author          = {Eyben, F. and W\"{o}llmer, M. and Schuller, B.},
    booktitle       = {Proc. of the ACM Multimedia International Conference},
    year            = {2010},
    pages           = {1459--1462},
    address         = {Savannah,Georgia,USA}}

@inproceedings{FEATURES_EMO_DETECT,
    title           = {A comprehensive survey on features and methods for speech emotion detection},
    author          = {Alva M, Y. and Muthuraman, N. and Paulose, J.},
    booktitle       = {Proc. of IEEE International Conference on Electrical, Computer and Communication Technologies (ICECCT)},
    pages           = {1--6},
    year            = {2015},
    address         = {Coimbatore, Tamilnadu, India}}

@inproceedings{Rodrigo2020,
    title           = {A Sensitivity and Performance Analysis of {Word2Vec} Applied to Emotion State Classification Using a Deep Neural Architecture},
    author          = {Pasti, R. and Vilasb{\^o}as, F. G. and Roque, I. R. and de Castro, L. N.},
    booktitle       = {Proc. of the Distributed Computing and Artificial Intelligence Conference (DCAI)},
    pages           = {199--206"},
    year            = {2019},
    address         = {√Åvila, Spain}}

@inproceedings{ortizsuarez2019,
    title           = {Asynchronous Pipeline for Processing Huge Corpora on Medium to Low Resource Infrastructures},
    author          = {Ortiz Su{\'a}rez, P. J and Sagot, B. and Romary, L.},
    booktitle       = {{Workshop on the Challenges in the Management of Large Corpora (CMLC-7)}},
    pages           ={9--16},
    year            = {2019},
    address         = {Cardiff, United Kingdom}}

@inproceedings{nguyen2020investigating,
    title           = {Investigating Self-supervised Pre-training for End-to-end Speech Translation},
    author          = {Nguyen, H. and Bougares, F. and Tomashenko, N. and Est{\`e}ve, Y. and others},
    booktitle       = {Proc. of the workshop on Self-supervision in Audio and Speech at the International Conference on Machine Learning (ICML)},
    pages           = {},
    year            = {2020},
    address         = {Virtual Conference}}

===================
______ArXiv________
===================

@inproceedings{chi2020audio,
    title           = {Audio {AlBERT}: A Lite {BERT} for Self-supervised Learning of Audio Representation},
    author          = {P. Chi and P. Chung and T. Wu and C. Hsieh and S. Li and others},
    booktitle       = {Pre-print on arXiv/2005.08575},
    year            = {2020}}


@inproceedings{liu2019roberta,
    title           = {{RoBERTa}: A Robustly Optimized {BERT} Pretraining Approach},
    author          = {Y. Liu and M. Ott and N. Goyal and J. Du and M. Joshi and others},
    booktitle       = {Pre-print on arXiv/1907.11692},
    year            = {2019}}
